%% This BibTeX bibliography file was created using BibDesk.
%% http://bibdesk.sourceforge.net/


%% Created for Alexander Bock at 2014-06-27 13:53:26 +0200 


%% Saved with string encoding Unicode (UTF-8) 



@article{yee2004perceptual,
	Author = {Yee, Hector},
	Date-Added = {2014-06-27 10:03:23 +0000},
	Date-Modified = {2014-06-27 10:03:23 +0000},
	Journal = {Journal of Graphics Tools},
	Number = {4},
	Pages = {33--40},
	Publisher = {Taylor \& Francis},
	Title = {Perceptual Metric for Production Testing},
	Volume = {9},
	Year = {2004}}

@article{eyles2009heliospheric,
	Author = {Eyles, CJ and Harrison, RA and Davis, CJ and others},
	Date-Added = {2014-06-26 15:02:57 +0000},
	Date-Modified = {2014-06-27 11:46:31 +0000},
	Journal = {Solar Physics},
	Number = {2},
	Pages = {387--445},
	Publisher = {Springer},
	Title = {{The heliospheric imagers onboard the STEREO mission}},
	Volume = {254},
	Year = {2009}}

@article{parsons2011wang,
	Author = {Parsons, Annette and Biesecker, Douglas and Odstrcil, Dusan and others},
	Date-Added = {2014-06-26 14:17:08 +0000},
	Date-Modified = {2014-06-27 11:49:57 +0000},
	Journal = {Space Weather},
	Number = {3},
	Publisher = {Wiley Online Library},
	Title = {{Wang-Sheeley-Arge--Enlil Cone Model Transitions to Operations}},
	Volume = {9},
	Year = {2011}}

@article{odstrcil2003modeling,
	Author = {Odstrcil, D},
	Date-Added = {2014-06-26 14:04:10 +0000},
	Date-Modified = {2014-06-27 11:48:49 +0000},
	Journal = {Advances in Space Research},
	Number = {4},
	Pages = {497--506},
	Publisher = {Elsevier},
	Title = {{Modeling 3-D solar wind structure}},
	Volume = {32},
	Year = {2003}}

@misc{lloyds2013impact,
	Author = {Trevor Maynard and Neil Smith and Sandra Gonzalez},
	Date-Added = {2014-06-26 13:20:26 +0000},
	Date-Modified = {2014-06-26 13:25:16 +0000},
	Howpublished = {\url{http://www.lloyds.com/~/media/Lloyds/Reports/Emerging%20Risk%20Reports/Solar%20Storm%20Risk%20to%20the%20North%20American%20Electric%20Grid.pdf}},
	Title = {{Solar Storm Risk to the North American Electric Grid}}}

@book{board2008severe,
	Author = {Committee and SSB and DEPS and NRC},
	Date-Added = {2014-06-26 13:16:52 +0000},
	Date-Modified = {2014-06-27 11:42:54 +0000},
	Publisher = {National Academies Press},
	Title = {Severe Space Weather Events--Understanding Societal and Economic Impacts: A Workshop Report},
	Year = {2008}}

@article{rusin2010comparing,
	Author = {Rusin, V and Druckm{\"u}ller, M and Antiol, P and others},
	Date-Added = {2014-06-12 08:41:43 +0000},
	Date-Modified = {2014-06-27 11:51:56 +0000},
	Journal = {Astronomy and Astrophysics},
	Publisher = {EDP Sciences},
	Title = {{Comparing eclipse observations of the 2008 August 1 solar corona with an MHD model prediction}},
	Volume = {513},
	Year = {2010}}

@article{russell2013very,
	Author = {Russell, CT and Mewaldt, RA and Luhmann, JG and Mason, GM and von Rosenvinge, TT and Cohen, CMS and Leske, RA and Gomez-Herrero, R and Klassen, A and Galvin, AB and others},
	Date-Added = {2014-06-07 09:25:26 +0000},
	Date-Modified = {2014-06-07 09:25:26 +0000},
	Journal = {The Astrophysical Journal},
	Number = {1},
	Pages = {38},
	Publisher = {IOP Publishing},
	Title = {The very unusual interplanetary coronal mass ejection of 2012 July 23: A blast wave mediated by solar energetic particles},
	Volume = {770},
	Year = {2013}}

@article{baker2013major,
	Author = {Baker, DN and Li, X and Pulkkinen, A and Ngwira, CM and Mays, ML and Galvin, AB and Simunac, KDC},
	Date-Added = {2014-06-07 09:24:40 +0000},
	Date-Modified = {2014-06-07 09:24:40 +0000},
	Journal = {Space Weather},
	Number = {10},
	Pages = {585--591},
	Publisher = {Wiley Online Library},
	Title = {A major solar eruptive event in July 2012: Defining extreme space weather scenarios},
	Volume = {11},
	Year = {2013}}

@article{cloke2009ensemble,
	Author = {Cloke, HL and Pappenberger, Florian},
	Date-Added = {2014-06-06 16:54:55 +0000},
	Date-Modified = {2014-06-06 16:54:55 +0000},
	Journal = {Journal of Hydrology},
	Number = {3},
	Pages = {613--626},
	Publisher = {Elsevier},
	Title = {Ensemble flood forecasting: a review},
	Volume = {375},
	Year = {2009}}

@article{bruckner2010result,
	Author = {Bruckner, Stefan and Moller, Torsten},
	Date-Added = {2014-06-06 16:53:54 +0000},
	Date-Modified = {2014-06-27 11:44:20 +0000},
	Journal = {Transactions on Visualization and Computer Graphics},
	Number = {6},
	Pages = {1468--1476},
	Publisher = {IEEE},
	Title = {Result-driven exploration of simulation parameter spaces for visual effects design},
	Volume = {16},
	Year = {2010}}

@article{kopp2014decision,
	Author = {K{\"o}pp, Dipl-Math Cornelius and von Mettenheim, Hans-J{\"o}rg and Breitner, Michael H},
	Date-Added = {2014-06-06 16:50:26 +0000},
	Date-Modified = {2014-06-06 16:50:26 +0000},
	Journal = {Business \& Information Systems Engineering},
	Number = {3},
	Pages = {131--140},
	Publisher = {Springer},
	Title = {Decision Analytics with Heatmap Visualization for Multi-step Ensemble Data},
	Volume = {6},
	Year = {2014}}

@article{whitaker2013contour,
	Author = {Whitaker, Ross T and Mirzargar, Mahsa and Kirby, Robert M},
	Date-Added = {2014-06-06 16:49:18 +0000},
	Date-Modified = {2014-06-06 16:49:18 +0000},
	Journal = {Visualization and Computer Graphics, IEEE Transactions on},
	Number = {12},
	Pages = {2713--2722},
	Publisher = {IEEE},
	Title = {Contour Boxplots: A Method for Characterizing Uncertainty in Feature Sets from Simulation Ensembles},
	Volume = {19},
	Year = {2013}}

@inproceedings{alabi2012comparative,
	Author = {Alabi, Oluwafemi S and Wu, Xunlei and Harter, Jonathan M and Phadke, Madhura and Pinto, Lifford and Petersen, Hannah and Bass, Steffen and Keifer, Michael and Zhong, Sharon and Healey, Chris and others},
	Booktitle = {IS\&T/SPIE Electronic Imaging},
	Date-Added = {2014-06-06 16:47:38 +0000},
	Date-Modified = {2014-06-06 16:47:38 +0000},
	Organization = {International Society for Optics and Photonics},
	Pages = {82940U--82940U},
	Title = {Comparative visualization of ensembles using ensemble surface slicing},
	Year = {2012}}

@article{sanyal2010noodles,
	Author = {Sanyal, Jibonananda and Zhang, Song and Dyer, Jamie and others},
	Date-Added = {2014-06-06 16:43:44 +0000},
	Date-Modified = {2014-06-27 11:50:31 +0000},
	Journal = {Transactions on Visualization and Computer Graphics},
	Number = {6},
	Pages = {1421--1430},
	Publisher = {IEEE},
	Title = {{Noodles: A tool for visualization of numerical weather model ensemble uncertainty}},
	Volume = {16},
	Year = {2010}}

@inproceedings{potter2009ensemble,
	Author = {Potter, Kristin and Wilson, Andrew and Bremer, P-T and Williams, Dean and Doutriaux, Charles and Pascucci, Valerio and Johnson, Chris R},
	Booktitle = {Data Mining Workshops, 2009. ICDMW'09. IEEE International Conference on},
	Date-Added = {2014-06-06 16:42:24 +0000},
	Date-Modified = {2014-06-06 16:42:24 +0000},
	Organization = {IEEE},
	Pages = {233--240},
	Title = {Ensemble-vis: A framework for the statistical visualization of ensemble data},
	Year = {2009}}

@article{odstrcil2002merging,
	Author = {Odstrcil, D and Linker, JA and Lionello, R and Mikic, Zoran and Riley, P and Pizzo, VJ and Luhmann, JG},
	Date-Added = {2014-06-06 16:31:44 +0000},
	Date-Modified = {2014-06-06 16:31:44 +0000},
	Journal = {Journal of Geophysical Research: Space Physics (1978--2012)},
	Number = {A12},
	Pages = {SSH--14},
	Title = {Merging of coronal and heliospheric numerical two-dimensional MHD models},
	Volume = {107},
	Year = {2002}}

@article{lugaz2008brightness,
	Author = {Lugaz, N and Vourlidas, A and Roussev, II and Jacobs, Carla and Manchester IV, WB and Cohen, O},
	Date-Added = {2014-06-06 16:25:57 +0000},
	Date-Modified = {2014-06-06 16:25:57 +0000},
	Journal = {The Astrophysical Journal Letters},
	Number = {2},
	Pages = {L111},
	Publisher = {IOP Publishing},
	Title = {The brightness of density structures at large solar elongation angles: What is being observed by STEREO SECCHI?},
	Volume = {684},
	Year = {2008}}

@article{lugaz2010accuracy,
	Author = {Lugaz, N},
	Date-Added = {2014-06-06 16:24:49 +0000},
	Date-Modified = {2014-06-06 16:24:49 +0000},
	Journal = {Solar Physics},
	Number = {2},
	Pages = {411--429},
	Publisher = {Springer},
	Title = {Accuracy and limitations of fitting and stereoscopic methods to determine the direction of coronal mass ejections from heliospheric imagers observations},
	Volume = {267},
	Year = {2010}}

@article{manchester2008three,
	Author = {Manchester IV, Ward B and Vourlidas, Angelos and T{\'o}th, G{\'a}bor and others},
	Date-Added = {2014-06-06 16:23:08 +0000},
	Date-Modified = {2014-06-27 11:48:26 +0000},
	Journal = {The Astrophysical Journal},
	Number = {2},
	Pages = {1448},
	Title = {{Three-dimensional MHD simulation of the 2003 October 28 coronal mass ejection: comparison with LASCO coronagraph observations}},
	Volume = {684},
	Year = {2008}}

@article{jackson2006preliminary,
	Author = {Jackson, BV and Buffington, A and Hick, PP and Wang, X and Webb, D},
	Date-Added = {2014-06-06 16:21:10 +0000},
	Date-Modified = {2014-06-06 16:21:10 +0000},
	Journal = {Journal of Geophysical Research: Space Physics (1978--2012)},
	Number = {A4},
	Publisher = {Wiley Online Library},
	Title = {Preliminary three-dimensional analysis of the heliospheric response to the 28 October 2003 CME using SMEI white-light observations},
	Volume = {111},
	Year = {2006}}

@inproceedings{wang2004visualization,
	Author = {Wang, Xin and Hick, P Paul and Jackson, Bernard V and Bailey, Mike},
	Booktitle = {Optical Science and Technology, SPIE's 48th Annual Meeting},
	Date-Added = {2014-06-06 16:19:08 +0000},
	Date-Modified = {2014-06-06 16:19:08 +0000},
	Organization = {International Society for Optics and Photonics},
	Pages = {280--286},
	Title = {Visualization of remotely sensed heliospheric plasmas for space weather applications},
	Year = {2004}}

@article{minnaert1930continuous,
	Author = {Minnaert, M},
	Date-Added = {2014-06-06 15:49:54 +0000},
	Date-Modified = {2014-06-06 15:50:01 +0000},
	Journal = {Zeitschrift fur Astrophysik},
	Pages = {209},
	Title = {On the continuous spectrum of the corona and its polarisation. With 3 figures.},
	Volume = {1},
	Year = {1930}}

@article{vourlidas2006proper,
	Author = {Vourlidas, Angelos and Howard, Russell A},
	Date-Added = {2014-06-06 15:48:25 +0000},
	Date-Modified = {2014-06-06 15:48:25 +0000},
	Journal = {The Astrophysical Journal},
	Number = {2},
	Pages = {1216},
	Publisher = {IOP Publishing},
	Title = {The proper treatment of coronal mass ejection brightness: A new methodology and implications for observations},
	Volume = {642},
	Year = {2006}}

@article{howard2013thomson,
	Author = {Howard, TA and Tappin, SJ and Odstrcil, D and DeForest, CE},
	Date-Added = {2014-06-06 11:55:42 +0000},
	Date-Modified = {2014-06-06 11:55:42 +0000},
	Journal = {The Astrophysical Journal},
	Number = {1},
	Pages = {45},
	Publisher = {IOP Publishing},
	Title = {The Thomson Surface. III. Tracking Features in 3D},
	Volume = {765},
	Year = {2013}}

@article{howard2012thomson,
	Author = {Howard, TA and DeForest, CE},
	Date-Added = {2014-06-06 11:54:56 +0000},
	Date-Modified = {2014-06-06 11:54:56 +0000},
	Journal = {The Astrophysical Journal},
	Number = {2},
	Pages = {130},
	Publisher = {IOP Publishing},
	Title = {The Thomson surface. I. Reality and myth},
	Volume = {752},
	Year = {2012}}

@article{deforest2013thomson,
	Author = {DeForest, CE and Howard, TA and Tappin, SJ},
	Date-Added = {2014-06-06 11:53:50 +0000},
	Date-Modified = {2014-06-06 11:53:50 +0000},
	Journal = {The Astrophysical Journal},
	Number = {1},
	Pages = {44},
	Publisher = {IOP Publishing},
	Title = {The Thomson Surface. II. Polarization},
	Volume = {765},
	Year = {2013}}

@article{byron2008stacked,
	Author = {Byron, Lee and Wattenberg, Martin},
	Date-Added = {2014-05-27 08:51:05 +0000},
	Date-Modified = {2014-06-27 11:44:57 +0000},
	Journal = {Transactions on Visualization and Computer Graphics},
	Number = {6},
	Pages = {1245--1252},
	Title = {{Stacked Graphs--Geometry \& Aesthetics.}},
	Volume = {14},
	Year = {2008}}

@article{havre2002themeriver,
	Author = {Havre, Susan and Hetzler, Elizabeth and Whitney, Paul and Nowell, Lucy},
	Date-Added = {2014-05-27 08:50:15 +0000},
	Date-Modified = {2014-05-27 08:50:15 +0000},
	Journal = {Visualization and Computer Graphics, IEEE Transactions on},
	Number = {1},
	Pages = {9--20},
	Publisher = {IEEE},
	Title = {Themeriver: Visualizing thematic changes in large document collections},
	Volume = {8},
	Year = {2002}}

@inproceedings{sun2010secrets,
	Author = {Sun, Deqing and Roth, Stefan and Black, Michael J},
	Booktitle = {{Conference on Computer Vision and Pattern Recognition}},
	Date-Added = {2014-05-13 09:24:26 +0000},
	Date-Modified = {2014-06-27 11:52:32 +0000},
	Pages = {2432--2439},
	Title = {Secrets of optical flow estimation and their principles},
	Year = {2010}}

@article{howard2008sun,
	Author = {Howard, RA and Moses, JD and Vourlidas, A and Newmark, JS and Socker, DG and Plunkett, SP and Korendyke, CM and Cook, JW and Hurley, A and Davila, JM and others},
	Date-Added = {2014-05-12 08:50:21 +0000},
	Date-Modified = {2014-05-12 08:50:27 +0000},
	Journal = {Space Science Reviews},
	Number = {1-4},
	Pages = {67--115},
	Title = {{Sun Earth connection coronal and heliospheric investigation (SECCHI)}},
	Volume = {136},
	Year = {2008}}

@article{sheeley1999continuous,
	Author = {Sheeley, NR and Walters, JH and Wang, Y-M and Howard, RA},
	Date-Added = {2014-05-12 08:48:39 +0000},
	Date-Modified = {2014-05-12 08:48:55 +0000},
	Journal = {Journal of Geophysical Research: Space Physics},
	Number = {A11},
	Pages = {24739--24767},
	Title = {Continuous tracking of coronal outflows: Two kinds of coronal mass ejections},
	Volume = {104},
	Year = {1999}}

@article{gissot20083d,
	Author = {Gissot, SF and Hochedez, J-F and Chainais, Pierre and Antoine, J-P},
	Date-Added = {2014-05-12 08:47:37 +0000},
	Date-Modified = {2014-05-12 08:47:46 +0000},
	Journal = {Solar Physics},
	Number = {2},
	Pages = {397--408},
	Title = {{3D reconstruction from SECCHI-EUVI images using an optical-flow algorithm: method description and observation of an erupting filament}},
	Volume = {252},
	Year = {2008}}

@article{schwenn2006coronal,
	Author = {Schwenn, R and Raymond, JC and Alexander, D and Ciaravella, A and Gopalswamy, N and Howard, R and Hudson, H and Kaufmann, P and Klassen, A and Maia, D and others},
	Date-Added = {2014-05-12 08:45:08 +0000},
	Date-Modified = {2014-05-12 08:45:25 +0000},
	Journal = {Space Science Reviews},
	Number = {1-3},
	Pages = {127--176},
	Title = {{Coronal observations of CMEs}},
	Volume = {123},
	Year = {2006}}

@article{brown2009calibrating,
	Author = {Brown, DS and Bewsher, D and Eyles, CJ},
	Date-Added = {2014-05-12 08:44:18 +0000},
	Date-Modified = {2014-05-12 08:44:32 +0000},
	Journal = {Solar Physics},
	Number = {1},
	Pages = {185--225},
	Title = {{Calibrating the pointing and optical parameters of the STEREO heliospheric imagers}},
	Volume = {254},
	Year = {2009}}

@article{wells1981fits,
	Author = {Wells, DC and Greisen, EW and Harten, RH},
	Date-Added = {2014-05-12 08:42:11 +0000},
	Date-Modified = {2014-05-12 08:43:56 +0000},
	Journal = {Astronomy \& Astrophysics Supplement Series},
	Pages = {363--370},
	Title = {{FITS: A Flexible Image Transport System}},
	Volume = {44},
	Year = {1981}}

@article{ontiveros2009quantitative,
	Author = {Ontiveros, Veronica and Vourlidas, Angelos},
	Date-Added = {2014-05-12 08:41:23 +0000},
	Date-Modified = {2014-05-12 08:43:28 +0000},
	Journal = {The Astrophysical Journal},
	Number = {1},
	Pages = {267-275},
	Title = {{Quantitative measurements of coronal mass ejection-driven shocks from LASCO observations}},
	Volume = {693},
	Year = {2009}}

@article{zhang2004study,
	Author = {Zhang, J and Dere, KP and Howard, RA and Vourlidas, A},
	Date-Added = {2014-05-12 08:40:55 +0000},
	Date-Modified = {2014-05-12 08:43:11 +0000},
	Journal = {The Astrophysical Journal},
	Number = {1},
	Pages = {420--432},
	Title = {A study of the kinematic evolution of coronal mass ejections},
	Volume = {604},
	Year = {2004}}

@article{akmal2001soho,
	Author = {Akmal, Arya and Raymond, John C and Vourlidas, Angelos and Thompson, Barbara and Ciaravella, A and Ko, Y-K and Uzzo, M and Wu, R},
	Date-Added = {2014-05-12 08:39:58 +0000},
	Date-Modified = {2014-05-12 08:42:49 +0000},
	Journal = {The Astrophysical Journal},
	Number = {2},
	Pages = {922--934},
	Title = {{SOHO observations of a coronal mass ejection}},
	Volume = {553},
	Year = {2001}}
